<?xml version="1.0" encoding="UTF-8"?><collection xmlns="http://www.loc.gov/MARC21/slim"><record><leader>00627nam--2200217-u-4500</leader><controlfield tag="001">000050720</controlfield><controlfield tag="002">20161230</controlfield><controlfield tag="005">20161230201048</controlfield><controlfield tag="008">080324s1000------------r-----000-0-eng-d</controlfield><datafield ind1=" " ind2=" " tag="020"><subfield code="a">0-521-61941-6</subfield></datafield><datafield ind1=" " ind2=" " tag="040"><subfield code="a">IFIN-HH</subfield></datafield><datafield ind1=" " ind2=" " tag="080"><subfield code="a">543.42:533.9</subfield></datafield><datafield ind1="1" ind2=" " tag="100"><subfield code="a">Griem, Hans R</subfield></datafield><datafield ind1="1" ind2="0" tag="245"><subfield code="a">Principles of Plasma Spectroscopy</subfield><subfield code="c">Hans R. Griem</subfield></datafield><datafield ind1=" " ind2=" " tag="260"><subfield code="a">Cambridge</subfield><subfield code="b">University Press</subfield><subfield code="c">1997</subfield></datafield><datafield ind1=" " ind2=" " tag="300"><subfield code="a">366 p</subfield></datafield><datafield ind1=" " ind2=" " tag="490"><subfield code="a">Cambridge Monographs on Plasma Physics</subfield><subfield code="v">Vol.2</subfield></datafield><datafield ind1=" " ind2=" " tag="504"><subfield code="a">Includes Bibliographical Refesrences and Index</subfield></datafield><datafield ind1=" " ind2="4" tag="650"><subfield code="a">Plasma Spectroscopy</subfield></datafield><datafield ind1=" " ind2=" " tag="852"><subfield code="a">81964</subfield><subfield code="c">533.9</subfield></datafield><datafield ind1=" " ind2=" " tag="CAT"><subfield code="a">Sys</subfield><subfield code="c">20101005</subfield><subfield code="h">103522</subfield></datafield></record></collection>